@webpage{amazon-ec2-high-memory,
  author = {},
  title = {Amazon EC2 High Memory Instance},
  organization = {},
  url={https://aws.amazon.com/jp/ec2/instance-types/high-memory/},
  refdate={2021-1-10}
  
}
@webpage{document-thp,
  author = {},
  title = {Transparent Hugepage Support},
  organization = {},
  url={https://www.kernel.org/doc/Documentation/vm/\\transhuge.txt},
  refdate={2021-1-27}
}
@webpage{document-hugetlbpage,
  author = {},
  title = {Hugetlbpage Support},
  organization = {},
  url={https://www.kernel.org/doc/Documentation/vm/\\hugetlbpage.txt},
  refdate={2021-1-27}
}
@webpage{perf,
  author = {},
  title = {Perf},
  organization = {},
  url={https://perf.wiki.kernel.org/index.php/Main\_Page},
  refdate={2021-1-27}
}
@webpage{hadoop,
  author = {},
  title = {Apache Hadoop},
  organization = {},
  url={https://hadoop.apache.org/},
  refdate={2021-1-27}
}
@webpage{hive,
  author = {},
  title = {Apache Hive},
  organization = {},
  url={https://hive.apache.org/},
  refdate={2021-2-20}
}
@webpage{tez,
  author = {},
  title = {Apache Tez},
  organization = {},
  url={https://tez.apache.org/},
  refdate={2021-2-20}
}
@webpage{jni,
  author = {},
  title = {Java Native Interface},
  organization = {},
  url={https://docs.oracle.com/javase/jp/1.5.0/guide/jni/spec/\\jniTOC.html},
  refdate={2021-1-27}
}
@webpage{madvise,
  author = {},
  title = {MAN Page of MADVISE},
  organization = {},
  url={https://linuxjm.osdn.jp/html/LDP\_man-pages/man2/madvise.2.html},
  refdate={2021-1-27}
}

@webpage{page-table-management,
  author = {},
  title = {Linux Page Table Management},
  organization = {},
  url="https://www.kernel.org/doc/gorman/html/understand/\\understand006.html",
  refdate={2021-2-20}
}

@webpage{java-thp,
  author = {},
  title = {TransParent Huge Pages},
  organization = {},
  url={https://shipilev.net/jvm/anatomy-quarks/2-transparent-huge-pages/},
  refdate={2021-2-20}
}

@webpage{spark-memory-management,
  author = {},
  title = {Spark Memory Management},
  organization = {},
  url={https://0x0fff.com/spark-memory-management/},
  refdate={2021-2-20}
}

@webpage{dag,
  author = {},
  title = {An Introduction to Directed Acyclic Graphs},
  organization = {},
  url={https://cran.r-project.org/web/packages/ggdag/vignettes/intro-to-dags.html},
  refdate={2021-2-20}
}

@webpage{open-jdk,
  author = {},
  title = {OpenJDK},
  organization = {},
  url={https://openjdk.java.net/},
  refdate={2021-2-20}
}

@webpage{intel-manual,
  author = {},
  title = {Intel 64 and IA-32 Architectures Software Developers Manual},
  organization = {},
  url={https://www.intel.co.jp/content/www/jp/ja/architecture-and-technology/64-ia-32-architectures-software-developer-system-programming-manual-325384.html},
  refdate={2021-2-20}
}


@techreport{page1999pagerank,
  title={The PageRank citation ranking: Bringing order to the web.},
  author={Page, Lawrence and Brin, Sergey and Motwani, Rajeev and Winograd, Terry},
  year={1999},
  institution={Stanford InfoLab}
}
@article{basu2013efficient,
  title={Efficient virtual memory for big memory servers},
  author={Basu, Arkaprava and Gandhi, Jayneel and Chang, Jichuan and Hill, Mark D and Swift, Michael M},
  journal={ACM SIGARCH Computer Architecture News},
  volume={41},
  number={3},
  pages={237--248},
  year={2013},
  publisher={ACM New York, NY, USA}
}
@inproceedings{gandhi2014efficient,
  title={Efficient memory virtualization: Reducing dimensionality of nested page walks},
  author={Gandhi, Jayneel and Basu, Arkaprava and Hill, Mark D and Swift, Michael M},
  booktitle={2014 47th Annual IEEE/ACM International Symposium on Microarchitecture},
  pages={178--189},
  year={2014},
  organization={IEEE}
}
@article{dean2008mapreduce,
  title={MapReduce: simplified data processing on large clusters},
  author={Dean, Jeffrey and Ghemawat, Sanjay},
  journal={Communications of the ACM},
  volume={51},
  number={1},
  pages={107--113},
  year={2008},
  publisher={ACM New York, NY, USA}
}
@article{zaharia2010spark,
  title={Spark: Cluster computing with working sets.},
  author={Zaharia, Matei and Chowdhury, Mosharaf and Franklin, Michael J and Shenker, Scott and Stoica, Ion and others},
  journal={HotCloud},
  volume={10},
  number={10-10},
  pages={95},
  year={2010}
}
@inproceedings{zaharia2012resilient,
  title={Resilient distributed datasets: A fault-tolerant abstraction for in-memory cluster computing},
  author={Zaharia, Matei and Chowdhury, Mosharaf and Das, Tathagata and Dave, Ankur and Ma, Justin and McCauly, Murphy and Franklin, Michael J and Shenker, Scott and Stoica, Ion},
  booktitle={Presented as part of the 9th $\{$USENIX$\}$ Symposium on Networked Systems Design and Implementation ($\{$NSDI$\}$ 12)},
  pages={15--28},
  year={2012}
}
@inproceedings{armbrust2015spark,
  title={Spark sql: Relational data processing in spark},
  author={Armbrust, Michael and Xin, Reynold S and Lian, Cheng and Huai, Yin and Liu, Davies and Bradley, Joseph K and Meng, Xiangrui and Kaftan, Tomer and Franklin, Michael J and Ghodsi, Ali and others},
  booktitle={Proceedings of the 2015 ACM SIGMOD international conference on management of data},
  pages={1383--1394},
  year={2015}
}
@inproceedings{lion2016don,
  title={Donâ€™t get caught in the cold, warm-up your $\{$JVM$\}$: Understand and eliminate $\{$JVM$\}$ warm-up overhead in data-parallel systems},
  author={Lion, David and Chiu, Adrian and Sun, Hailong and Zhuang, Xin and Grcevski, Nikola and Yuan, Ding},
  booktitle={12th $\{$USENIX$\}$ Symposium on Operating Systems Design and Implementation ($\{$OSDI$\}$ 16)},
  pages={383--400},
  year={2016}
}
@inproceedings{nguyen2016yak,
  title={Yak: A high-performance big-data-friendly garbage collector},
  author={Nguyen, Khanh and Fang, Lu and Xu, Guoqing and Demsky, Brian and Lu, Shan and Alamian, Sanazsadat and Mutlu, Onur},
  booktitle={12th $\{$USENIX$\}$ Symposium on Operating Systems Design and Implementation ($\{$OSDI$\}$ 16)},
  pages={349--365},
  year={2016}
}

@inproceedings{kwon2016coordinated,
  title={Coordinated and efficient huge page management with ingens},
  author={Kwon, Youngjin and Yu, Hangchen and Peter, Simon and Rossbach, Christopher J and Witchel, Emmett},
  booktitle={12th $\{$USENIX$\}$ Symposium on Operating Systems Design and Implementation ($\{$OSDI$\}$ 16)},
  pages={705--721},
  year={2016}
}

@inproceedings{panwar2018making,
  title={Making huge pages actually useful},
  author={Panwar, Ashish and Prasad, Aravinda and Gopinath, K},
  booktitle={Proceedings of the Twenty-Third International Conference on Architectural Support for Programming Languages and Operating Systems},
  pages={679--692},
  year={2018}
}

@inproceedings{detlefs2004garbage,
  title={Garbage-first garbage collection},
  author={Detlefs, David and Flood, Christine and Heller, Steve and Printezis, Tony},
  booktitle={Proceedings of the 4th international symposium on Memory management},
  pages={37--48},
  year={2004}
}

@inproceedings{shvachko2010hadoop,
  title={The hadoop distributed file system},
  author={Shvachko, Konstantin and Kuang, Hairong and Radia, Sanjay and Chansler, Robert},
  booktitle={2010 IEEE 26th symposium on mass storage systems and technologies (MSST)},
  pages={1--10},
  year={2010},
  organization={Ieee}
}

@inproceedings{vavilapalli2013apache,
  title={Apache hadoop yarn: Yet another resource negotiator},
  author={Vavilapalli, Vinod Kumar and Murthy, Arun C and Douglas, Chris and Agarwal, Sharad and Konar, Mahadev and Evans, Robert and Graves, Thomas and Lowe, Jason and Shah, Hitesh and Seth, Siddharth and others},
  booktitle={Proceedings of the 4th annual Symposium on Cloud Computing},
  pages={1--16},
  year={2013}
}

@inproceedings{zhang2018riffle,
  title={Riffle: optimized shuffle service for large-scale data analytics},
  author={Zhang, Haoyu and Cho, Brian and Seyfe, Ergin and Ching, Avery and Freedman, Michael J},
  booktitle={Proceedings of the Thirteenth EuroSys Conference},
  pages={1--15},
  year={2018}
}
